% Encoding: UTF-8

@article{CORREAMARQUES2024,
  title={The influence of the experimental methodology on evaluating the hydrogen embrittlement susceptibility of AISI 4340 steel manufactured by different routes},
  author={Sara {Correa Marques} and Debora {Lima Molter} and Laryssa {dos S. Almeida} and Dilson {Silva dos Santos}},
  journal={Engineering Failure Analysis},
  volume={162},
  number={},
  pages={108361},
  year={2024},
}
@article{ZHANG2017,
  title={Brittle Fracture Behaviors of Large Die Holders Used in Hot Die Forging},
  author={Zhang, Weifang and Wang, Hongxun and Zhang, Jingyu and Dai, Wei and Huang, Yuanxing},
  journal={Metals},
  volume={7},
  number={6},
  pages={198},
  year={2017},
}
@article{ASHRAF2000,
  title={A simple and effective element distortion factor},
  author={El-Hamalawi, Ashraf},
  journal={Computers \& Structures},
  volume={75},
  number={5},
  pages={507-513},
  year={2000},
  publisher={Elsevier}
}

@book{Hibbeler2009,
	author = {Russell Charles Hibbeler} ,
    edition = {7},
	number = {},
	publisher = {{Pearson}},
	title = {Resistência dos materiais},
	volume = {},
	address = {São Paulo, SP},
	year = {2009}
}
@book{Callister2016,
	author = {William D Callister} ,
    edition = {9},
	number = {},
	publisher = {{LTC}},
	title = {Ciência e engenharia de materiais: uma introdução},
	volume = {},
	address = {Rio de Janeiro, RJ},
	year = {2016}
}
@book{Budynas2016,
	author = {Richard G Budynas and J Keith Nisbett} ,
    edition = {10},
	number = {},
	publisher = {{AMGH}},
	title = {Elementos de máquinas de Shigley},
	volume = {},
	address = {Porto Alegre, RS},
	year = {2016}
}
@book{AlvesFilho2013,
	author = { Avelino {Alves Filho}},
    edition = {6},
	number = {},
	publisher = {{Érica}},
	title = {Elementos Finitos: A Base da Tecnologia CAE},
	volume = {},
	address = {São Paulo, SP},
	year = {2013}
}
@book{Teixeira2010,
	author = {F. Teixeira-Dias and J. Pinho da Cruz and R.A. Fontes Valente and R.J. Alves de Sousa} ,
    edition = {},
	number = {},
	publisher = {{ETEP}},
	title = {Método dos Elementos Finitos – Técnicas de Simulação Numérica e Engenharia},
	volume = {},
	address = {Aveiro},
	year = {2010}
}
@book{Vaz2011,
	author = {Luiz Eloy Vaz},
    edition = {},
	number = {},
	publisher = {{Elsevier}},
	title = {Método dos elementos finitos em análise de estruturas},
	volume = {},
	address = {Rio de janeiro, RJ},
	year = {2011}
}
@book{Reardon2011,
	author = {Arthur C. Reardon} ,
    edition = {2},
	number = {},
	publisher = {{Materials Park}},
	title = {Metallurgy for the non-metallurgist},
	volume = {},
	address = {Ohio : ASM International},
	year = {2011}
}
@book{ASM1990,
	author = {{ASM International}} ,
    edition = {10},
	number = {},
	publisher = {ASM International},
	title = {Metals handbook. Vol. 1: Properties and selection: irons, steels, and high-performance alloys},
	volume = {},
	address = {Materials Park},
	year = {1990}
}
@book{ASM1998,
	author = {{ASM International}} ,
    edition = {2},
	number = {},
	publisher = {CRC Press},
	title = {Metals Handbook Desk Edition 2nd Edition},
	volume = {},
	address = {},
	year = {1998}
}
@book{ASM2004,
	author = {Taylan Altan and Gracious Ngaile and Gangshu Shen} ,
    edition = {},
	number = {},
	publisher = {ASM International},
	title = {Cold And Hot Forging: Fundamentals And Applications},
	volume = {},
	address = {Materials Park},
	year = {2004}
}
@book{Serope2020,
	author = {Serope Kalpakjian and Steven R. Schmid} ,
    edition = {8},
	number = {},
	publisher = {Pearson},
	title = {Manufacturing Engineering and Technology},
	volume = {},
	address = {New York},
	year = {2020}
}
@book{Beer2014,
	author = {Ferdinand P. Beer and E. Russell Johnston, Jr. and John T. DeWolf and David. F. Mazurek} ,
    edition = {7},
	number = {},
	publisher = {McGraw-Hill Education},
	title = {Mechanics of Materials},
	volume = {},
	address = {New York},
	year = {2014}
}
@book{Norton2013,
	author = {Robert L. Norton} ,
    edition = {4},
	number = {},
	publisher = {Bookman},
	title = {Projeto de Máquinas: uma abordagem integrada},
	volume = {},
	address = {Porto Alegre},
	year = {2013}
}

  @misc{Souza2003,
  title = {O método dos elementos finitos aplicado ao problema de condução de calor},
  author = {Remo Magalhães de Souza},
  publisher = {Belém: Universidade Federal do Pará},
  year= {2003},
  Url = {https://www.inf.ufes.br/~luciac/fem/livros-fem/ApostilaElementosFinitosNiCAE.pdf},
  addendum = {Acesso em: 09 de maio de 2025}
  }
  @misc{Azevedo2003,
  title = {Método dos Elementos Finitos},
  author = {Alvaro Ferreira Marques Azevedo},
  publisher = {Faculdade de Engenharia da Universidade do Porto},
  address      = {Porto},
  year= {2003},
  Url = {https://www.alvaroazevedo.com/publications/books/livro_mef_aa_1ed/doc/livro_mef_aa.pdf},
  addendum = {Acesso em: 09 de maio de 2025}
  
  }
  @misc{Giuseppe2016,
  title = {Método dos Elementos Finitos: o que é?},
  author = {Giuseppe Mirlisenna},
  publisher = {ESSS},
  year = {2016},
  Url = {https://www.esss.com/blog/metodo-dos-elementos-finitos-o-que-e/},
  addendum = {Acesso em: 09 de maio de 2025}
  }
  @misc{GreenPin,
  title = {Catálogo de produtos Green Pin},
  author = {{Green Pin}},
  publisher = {Green Pin},
  year = {2019},
  Url = {https://www.greenpin.com/sites/default/files/2021-12/PT_Green%20Pin%C2%AE%20Product%20Catalogo%202019.pdf},
  addendum = {Acesso em: 09 de maio de 2025}
  }
  @misc{Crosby,
  title = {Crosby/Gunnebo Industries Metric online catalog},
  author = {Crosby},
  publisher = {Crosby},
  year = {2023},
  Url = {https://catalog.thecrosbygroup.com/metric-catalog-2022.html},
  addendum = {Acesso em: 08 de junho de 2025}
  }
  @misc{RUD,
  title = {Catálogo técnico: pontos de içamento},
  author = {RUD},
  publisher = {RUD},
  year = {2024},
  Url = {https://www.rud.com.br/pdf/catalogo-pontos-icamento.pdf},
  addendum = {Acesso em: 08 de junho de 2025}
  }
  @misc{NR11,
  title = {NR 11 - Transporte, movimentação, armazenagem e manuseio de materiais},
  author = {Brasil},
  publisher = {},
  year = {2016},
  Url = {https://www.gov.br/trabalho-e-emprego/pt-br/acesso-a-informacao/participacao-social/conselhos-e-orgaos-colegiados/comissao-tripartite-partitaria-permanente/normas-regulamentadora/normas-regulamentadoras-vigentes/nr-11-atualizada-2016.pdf},
  addendum = {Acesso em: 08 de junho de 2025}

  }

@techreport{ASMEB3026,
  title        = {ASME B30.26: Rigging hardware},
  author       = {{American Society of Mechanical Engineers}},
  year         = {2015},
  institution  = {},
  number       = {},
  address      = {New York}
}
@techreport{NBR13545,
  title        = {NBR 13545: Movimentação de cargas  - Manilhas},
  author       = {{Associação Brasileira de Normas Técnicas}},
  year         = {1999},
  institution  = {},
  number       = {},
  address      = {Rio de Janeiro}
}
@techreport{ISO2415,
  title        = {ISO 2415: Forged shackles for general lifting purposes - Dee shackles and bow shackles},
  author       = {{International Organization for Standardization}},
  year         = {2004},
  institution  = {},
  number       = {},
  address      = {Geneva: ISO}
}
@techreport{ASTM29,
  title        = {ASTM A29/A29M - Standard specification for steel bars, carbon and alloy, hot-wrought, general requirements for},
  author       = {{American Society for Testing and Materials}},
  year         = {2015},
  institution  = {},
  number       = {},
  address      = {West Conshohocken}
}

@mastersthesis{Filho2004,
    author = { Rômulo Rossi {Pinto Filho}} ,
    title = {Concepção, projeto e otimização de uma estrutura para aplicação em veículo de uso misto},
    school = {Universidade Federal de Uberlândia},
    address = {Uberlândia},
    pages = {187},
    year =  {2004}
}

